@article{Amadeu2016,
  author = {Amadeu, Rodrigo R and Cellon, Catherine and Olmstead, James W and Garcia, Antonio AF and Resende Jr, Marcio FR and Muñoz, Patricio R},
  title = {AGHmatrix: R package to construct relationship matrices for autotetraploid and diploid species: a blueberry example},
  journal = {The plant genome},
  volume = {9},
  number = {3},
  pages = {plantgenome2016.01.0009},
  ISSN = {1940-3372},
  year = {2016},
  DOI = {10.3835/plantgenome2016.01.0009},
  type = {Journal Article}
}

@article{Atkin2009,
  author = {Atkin,  Felicity Claire and Dieters,  Mark J. and Stringer,  Joanne K.},
  title = {Impact of depth of pedigree and inclusion of historical data on the estimation of additive variance and breeding values in a sugarcane breeding program},
  volume = {119},
  ISSN = {1432-2242},
  DOI = {10.1007/s00122-009-1065-7},
  number = {3},
  journal = {Theoretical and Applied Genetics},
  publisher = {Springer Science and Business Media LLC},
  year = {2009},
  month = jul,
  pages = {555–565}
}

@article{Cockerton2021,
  author = {Cockerton, Helen M. and Karlström, Amanda and Johnson, Abigail W. and Li, Bo and Stavridou, Eleftheria and Hopson, Katie J. and Whitehouse, Adam B. and Harrison, Richard J.},
  title = {Genomic Informed Breeding Strategies for Strawberry Yield and Fruit Quality Traits},
  journal = {Frontiers in Plant Science},
  volume = {12},
  ISSN = {1664-462X},
  DOI = {10.3389/fpls.2021.724847},
  year = {2021},
  type = {Journal Article}
}

@book{Darrow1966, 
  author = {Darrow, George M.}, 
  title = {The strawberry history, breeding and physiology}, 
  year = {1966},
  place = {New York}, 
  publisher = {The New England Institute for Medical Research}}

@article{Edger2019,
   author = {Edger, Patrick P. and Poorten, Thomas J. and VanBuren, Robert and Hardigan, Michael A. and Colle, Marivi and McKain, Michael R. and Smith, Ronald D. and Teresi, Scott J. and Nelson, Andrew D. L. and Wai, Ching Man and Alger, Elizabeth I. and Bird, Kevin A. and Yocca, Alan E. and Pumplin, Nathan and Ou, Shujun and Ben-Zvi, Gil and Brodt, Avital and Baruch, Kobi and Swale, Thomas and Shiue, Lily and Acharya, Charlotte B. and Cole, Glenn S. and Mower, Jeffrey P. and Childs, Kevin L. and Jiang, Ning and Lyons, Eric and Freeling, Michael and Puzey, Joshua R. and Knapp, Steven J.},
   title = {Origin and evolution of the octoploid strawberry genome},
   journal = {Nature Genetics},
   volume = {51},
   number = {3},
   pages = {541-547},
   ISSN = {1546-1718},
   DOI = {10.1038/s41588-019-0356-4},
   year = {2019},
   type = {Journal Article}
}

@article{Fan2024,
  author = {Fan, Z. and Verma, S. and Lee, H. and Jang, Y. J. and Wang, Y. and Lee, S. and Whitaker, V. M.},
  title = {Strawberry soluble solids QTL with inverse effects on yield},
  journal = {Horticulture Research},
  volume = {11},
  number = {2},
  DOI = {10.1093/hr/uhad271},
  year = {2024},
  type = {Journal Article}
}

@article{Feldmann2024,
  author = {Feldmann,  Mitchell J and Pincot,  Dominique D A and Seymour,  Danelle K and Famula,  Randi A and Jiménez,  Nicolás P and López,  Cindy M and Cole,  Glenn S and Knapp,  Steven J},
  title = {A dominance hypothesis argument for historical genetic gains and the fixation of heterosis in octoploid strawberry},
  ISSN = {1943-2631},
  DOI = {10.1093/genetics/iyae159},
  journal = {GENETICS},
  publisher = {Oxford University Press (OUP)},
  editor = {Juenger,  T},
  year = {2024},
  month = oct 
}

@article{Gezan2017,
  author = {Gezan, Salvador A and Osorio, Luis F and Verma, Sujeet and Whitaker, Vance M},
  title = {An experimental validation of genomic selection in octoploid strawberry},
  journal = {Horticulture Research},
  volume = {4},
  number = {Article 16070},
  ISSN = {2052-7276},
  year = {2017},
  DOI = {10.1038/hortres.2016.70},
  type = {Journal Article}
}

@article{Hardigan2020,
  author = {Hardigan,  Michael A. and Feldmann,  Mitchell J. and Lorant,  Anne and Bird,  Kevin A. and Famula,  Randi and Acharya,  Charlotte and Cole,  Glenn and Edger,  Patrick P. and Knapp,  Steven J.},
  title = {Genome Synteny Has Been Conserved Among the Octoploid Progenitors of Cultivated Strawberry Over Millions of Years of Evolution},
  volume = {10},
  ISSN = {1664-462X},
  DOI = {10.3389/fpls.2019.01789},
  journal = {Frontiers in Plant Science},
  publisher = {Frontiers Media SA},
  year = {2020},
  month = feb 
}

@inproceedings{Hardner2023,
  author = {Hardner, C. and De Faveri, J.},
  title = {Flexible linear mixed models for complex data in horticultural tree breeding},
  year = {2023},
  booktitle = {Acta Horticulturae},
  pages = {139-146},
  DOI = {10.17660/ActaHortic.2023.1362.19},
  type = {Conference Proceedings}
}

@article{Herrington2012,
   author = {Herrington, Mark E. and Wegener, Malcolm and Hardner, Craig and Woolcock, Louella L. and Dieters, Mark J.},
   title = {Influence of plant traits on production costs and profitability of strawberry in southeast Queensland},
   journal = {Agricultural Systems},
   volume = {106},
   number = {1},
   pages = {23-32},
   ISSN = {0308-521X},
   DOI = {10.1016/j.agsy.2011.11.003},
   year = {2012},
   type = {Journal Article}
}

@misc{HortInn2024, 
  author = {{Hort Innovation}},
  title = {Australian Horticulture Statistics Handbook 2023/24},
  year = {2024},
  place = {Sydney, Australia}}

@article{Kennedy2014,
  author = {Kennedy, Colleen and Osorio, Luis F. and Peres, Natalia A. and Whitaker, Vance M.},
  title = {Additive Genetic Effects for Resistance to Foliar Powdery Mildew in Strawberry Revealed through Divergent Selection},
  journal = {Journal of the American Society for Horticultural Science},
  volume = {139},
  number = {3},
  pages = {310-316},
  year = {2014},
  DOI = {10.21273/JASHS.139.3.310},
  type = {Journal Article}
}

@article{LerceteauKohler2003,
  author = {Lerceteau-Köhler,  E. and Guérin,  G. and Laigret,  F. and Denoyes-Rothan,  B.},
  title = {Characterization of mixed disomic and polysomic inheritance in the octoploid strawberry (\textit{Fragaria × ananassa}) using {AFLP} mapping},
  volume = {107},
  ISSN = {1432-2242},
  DOI = {10.1007/s00122-003-1300-6},
  number = {4},
  journal = {Theoretical and Applied Genetics},
  publisher = {Springer Science and Business Media LLC},
  year = {2003},
  month = may,
  pages = {619–628}
}

@article{Menzel2021,
   author = {Menzel, Christopher},
   title = {Higher Temperatures Decrease Fruit Size in Strawberry Growing in the Subtropics},
   journal = {Horticulturae},
   volume = {7},
   number = {2},
   pages = {34},
   ISSN = {2311-7524},
   DOI = {10.3390/horticulturae7020034},
   year = {2021},
   type = {Journal Article}
}

@article{Oakey2006,
  author={Oakey, Helena and Verbyla, Ar{\=u}nas and Pitchford, Wayne and Cullis, Brian and Kuchel, Haydn},
  title={Joint modeling of additive and non-additive genetic line effects in single field trials},
  journal={Theor Appl Genet},
  volume={113},
  pages={809--819},
  year={2006},
  publisher={Springer}
}

@article{Oakey2007,
   author = {Oakey, H. and Verbyla, A. P. and Cullis, B. R. and Wei, X. and Pitchford, W. S.},
   title = {Joint modeling of additive and non-additive (genetic line) effects in multi-environment trials},
   journal = {Theor Appl Genet},
   volume = {114},
   number = {8},
   pages = {1319-32},
   DOI = {10.1007/s00122-007-0515-3},
   year = {2007},
   type = {Journal Article}
}



@article{Osorio2014,
   author = {Osorio, L. F. and Pattison, J. A. and Peres, N. A. and Whitaker, V. M.},
   title = {Genetic variation and gains in resistance of strawberry to \textit{Colletotrichum gloeosporioides}},
   journal = {Phytopathology},
   volume = {104},
   number = {1},
   pages = {67-74},
   ISSN = {0031-949X},
   DOI = {10.1094/phyto-02-13-0032-r},
   year = {2014},
   type = {Journal Article}
}

@article{Osorio2021,
   author = {Osorio, Luis F. and Gezan, Salvador A. and Verma, Sujeet and Whitaker, Vance M.},
   title = {Independent Validation of Genomic Prediction in Strawberry Over Multiple Cycles},
   journal = {Frontiers in Genetics},
   volume = {11},
   number = {1862},
   ISSN = {1664-8021},
   DOI = {10.3389/fgene.2020.596258},
   year = {2021},
   type = {Journal Article}
}

@article{Paynter2014,
   author = {Paynter, Michelle L. and De Faveri, Joanne and Herrington, Mark E.},
   title = {Resistance to \textit{Fusarium oxysporum f. sp. fragariae} and Predicted Breeding Values in Strawberry},
   journal = {Journal of the American Society for Horticultural Science},
   volume = {139},
   number = {2},
   pages = {178-184},
   year = {2014},
   DOI = {10.21273/JASHS.139.2.178},
   type = {Journal Article}
}

@article{Piaskowski2018,
   author = {Piaskowski, Julia and Hardner, Craig and Cai, Lichun and Zhao, Yunyang and Iezzoni, Amy and Peace, Cameron},
   title = {Genomic heritability estimates in sweet cherry reveal non-additive genetic variance is relevant for industry-prioritized traits},
   journal = {BMC Genetics},
   volume = {19},
   number = {1},
   pages = {23-38},
   ISSN = {1471-2156},
   year = {2018},
   DOI = {10.1186/s12863-018-0609-8},
   type = {Journal Article}
}

@article{Pincot2021,
   author = {Pincot, Dominique DA and Ledda, Mirko and Feldmann, Mitchell J and Hardigan, Michael A and Poorten, Thomas J and Runcie, Daniel E and Heffelfinger, Christopher and Dellaporta, Stephen L and Cole, Glenn S and Knapp, Steven J},
   title = {Social network analysis of the genealogy of strawberry: retracing the wild roots of heirloom and modern cultivars},
   journal = {G3},
   volume = {11},
   number = {3},
   pages = {jkab015},
   ISSN = {2160-1836},
   year = {2021},
   DOI = {10.1093/g3journal/jkab015},
   type = {Journal Article}
}


@article{Pocrnic2017,
  author = {Pocrnic, I. and Lourenco, D. A. L. and Bradford, H. L. and Chen, C. Y. and Misztal, I.},
  title = {Technical note: Impact of pedigree depth on convergence of single-step genomic BLUP in a purebred swine population},
  journal = {Journal of {A}nimal {S}cience},
  volume = {95},
  number = {8},
  pages = {3391-3395},
  year = {2017},
  month = {08},
  issn = {0021-8812},
  doi = {10.2527/jas.2017.1581},
}

@article{Prohaska2024,
   author = {Prohaska, A. and Rey-Serra, P. and Petit, J. and Petit, A. and Perrotte, J. and Rothan, C. and Denoyes, B.},
   title = {Exploration of a {E}uropean-centered strawberry diversity panel provides markers and candidate genes for the control of fruit quality traits},
   journal = {Horticulture Research},
   volume = {11},
   number = {7},
   DOI = {10.1093/hr/uhae137},
   year = {2024},
   type = {Journal Article}
}


@article{RousseauGueutin2008,
  author = {Rousseau-Gueutin,  Mathieu and Lerceteau-Köhler,  Estelle and Barrot,  Laure and Sargent,  Daniel James and Monfort,  Amparo and Simpson,  David and Arús,  Pere and Guérin,  Guy and Denoyes-Rothan,  Béatrice},
  title = {Comparative Genetic Mapping Between Octoploid and Diploid Fragaria Species Reveals a High Level of Colinearity Between Their Genomes and the Essentially Disomic Behavior of the Cultivated Octoploid Strawberry},
  volume = {179},
  ISSN = {1943-2631},
  DOI = {10.1534/genetics.107.083840},
  number = {4},
  journal = {Genetics},
  publisher = {Oxford University Press (OUP)},
  year = {2008},
  month = aug,
  pages = {2045–2060}
}

@article{Sargent2016,
  author = {Sargent,  D.J. and Yang,  Y. and Šurbanovski,  N. and Bianco,  L. and Buti,  M. and Velasco,  R. and Giongo,  L. and Davis,  T.M.},
  title = {HaploSNP affinities and linkage map positions illuminate subgenome composition in the octoploid, cultivated strawberry (\textit{Fragaria} × \textit{ananassa})},
  volume = {242},
  ISSN = {0168-9452},
  DOI = {10.1016/j.plantsci.2015.07.004},
  journal = {Plant Science},
  publisher = {Elsevier BV},
  year = {2016},
  month = jan,
  pages = {140–150}
}

@article{Sleper2025,
  author = {Sleper,  Joshua and Tapia,  Ronald and Lee,  Seonghee and Whitaker,  Vance},
  title = {Within‐family genomic selection in strawberry: Optimization of marker density, trial design, and training set composition},
  volume = {18},
  ISSN = {1940-3372},
  DOI = {10.1002/tpg2.20550},
  number = {1},
  journal = {The Plant Genome},
  publisher = {Wiley},
  year = {2025},
  month = jan 
}

@article{Smith2021,
   author = {Smith, Alison and Ganesalingam, Aanandini and Lisle, Christopher and Kadkol, Gururaj and Hobson, Kristy and Cullis, Brian},
   title = {Use of contemporary groups in the construction of multi-environment trial datasets for selection in plant breeding programs},
   journal = {Frontiers in Plant Science},
   volume = {11},
   pages = {623586},
   ISSN = {1664-462X},
   year = {2021},
   DOI = {10.3389/fpls.2020.623586},
   type = {Journal Article}
}

@article{Tennessen2014,
  author = {Tennessen,  Jacob A. and Govindarajulu,  Rajanikanth and Ashman,  Tia-Lynn and Liston,  Aaron},
  title = {Evolutionary Origins and Dynamics of Octoploid Strawberry Subgenomes Revealed by Dense Targeted Capture Linkage Maps},
  volume = {6},
  ISSN = {1759-6653},
  DOI = {10.1093/gbe/evu261},
  number = {12},
  journal = {Genome Biology and Evolution},
  publisher = {Oxford University Press (OUP)},
  year = {2014},
  month = dec,
  pages = {3295–3313}
}

@article{Whitaker2012,
  author = {Whitaker,  Vance M. and Osorio,  Luis F. and Hasing,  Tomas and Gezan,  Salvador},
  title = {Estimation of Genetic Parameters for 12 Fruit and Vegetative Traits in the University of Florida Strawberry Breeding Population},
  volume = {137},
  ISSN = {2327-9788},
  DOI = {10.21273/jashs.137.5.316},
  number = {5},
  journal = {Journal of the American Society for Horticultural Science},
  publisher = {American Society for Horticultural Science},
  year = {2012},
  month = sep,
  pages = {316–324}
}

@article{Yamamoto2021,
   author = {Yamamoto, Eiji and Kataoka, Sono and Shirasawa, Kenta and Noguchi, Yuji and Isobe, Sachiko},
   title = {Genomic Selection for {F}1 Hybrid Breeding in Strawberry ({F}ragaria {×} ananassa)},
   journal = {Frontiers in Plant Science},
   volume = {12},
   number = {308},
   ISSN = {1664-462X},
   DOI = {10.3389/fpls.2021.645111},
   year = {2021},
   type = {Journal Article}
}

@article{Yang2016,
  author = {Yang, Hui and Su, Guosheng},
  title = {Impact of phenotypic information of previous generations and depth of pedigree on estimates of genetic parameters and breeding values},
  volume = {187},
  ISSN = {1871-1413},
  DOI = {10.1016/j.livsci.2016.03.001},
  journal = {Livestock {S}cience},
  publisher = {Elsevier BV},
  year = {2016},
  month = may,
  pages = {61–67}
}
